@inproceedings{fischer2003populating,
  title={Populating a release history database from version control and bug tracking systems},
  author={Fischer, Michael and Pinzger, Martin and Gall, Harald},
  booktitle={Software Maintenance, 2003. ICSM 2003. Proceedings. International Conference on},
  pages={23--32},
  year={2003},
  organization={IEEE}
}
@article{janak2009issue,
  title={Issue tracking systems},
  author={Jan{\'a}k, Ji{\v{r}}{\'\i}},
  journal={Brno, spring},
  year={2009}
}
@article{ahmedpredicting,
  title={Predicting Bug Category Based on Analysis of Software Repositories},
  author={Ahmed, Mostafa M and Hedar, Abdel Rahman M and Ibrahim, Hosny M}
}
@book{lancaster2003indexing,
  title={Indexing and abstracting in theory and practice},
  author={Lancaster, Frederick Wilfrid and Library Association and others},
  year={2003},
  publisher={Facet London}
}
@article{ying2004predicting,
  title={Predicting source code changes by mining change history},
  author={Ying, Annie TT and Murphy, Gail C and Ng, Raymond and Chu-Carroll, Mark C},
  journal={Software Engineering, IEEE Transactions on},
  volume={30},
  number={9},
  pages={574--586},
  year={2004},
  publisher={IEEE}
}
@misc{bugzilla,
	author={{Bugzilla Authors}},
	title={Bugzilla},
	howpublished={https://www.bugzilla.org/},
	year={2015}
}
@misc{cvs,
	author={{CVS Auhtors}},
	title={Concurrent Version System - CVS},
	howpublished={http://www.cvshome.org/},
	year={2015}
}
@misc{mozilla,
	author={{Mozilla Corporation}},
	title={Mozilla Firefox},
	howpublished={https://www.mozilla.org/},
	year={2015}
}